@InBook{EFESbook,
ALTauthor = {Claudio Passerone},
ALTeditor = {•},
title = {Ananlog and digital electronics for embedded systems},
chapter = {2},
publisher = {CLUT},
year = {2015},
OPTkey = {•},
OPTvolume = {•},
OPTnumber = {•},
OPTseries = {•},
OPTtype = {•},
OPTaddress = {•},
OPTedition = {1st},
OPTmonth = {•},
OPTpages = {68},
OPTnote = {•},
OPTannote = {•}
}
@Book{book:rif.1,
ALTauthor = {John L. Hennessy, David A. Patterson},
ALTeditor = {•},
title = {Computer Architecture: A Quantitative Approach},
publisher = {Morgan Kaufmann},
year = {2011},
OPTkey = {•},
OPTvolume = {•},
OPTnumber = {•},
OPTseries = {•},
OPTaddress = {•},
OPTedition = {5},
OPTmonth = {•},
OPTnote = {•},
OPTannote = {•},
}
@Unpublished{ProjectSpecification,
author = {Mariagrazia Graziano, Giulia Santoro, Giovanna Turvani},
title = {Design and Development of DLX Microprocessors},
note = {Microelectronic Systems Final Project Specification},
OPTkey = {•},
OPTmonth = {April},
OPTyear = {2017},
OPTannote = {•}
}
